<collection xmlns="http://www.loc.gov/MARC21/slim">
<record>
  <leader>01146nam0a2200277 i 450 </leader>
  <controlfield tag="001">IT\ICCU\CNCE\004062</controlfield>
  <controlfield tag="005">20070820000000.0</controlfield>
  <datafield tag="012" ind1=" " ind2=" ">
    <subfield code="a">eroa teiu tare nare (3) 1592 (A)</subfield>
    <subfield code="2">fei</subfield>
  </datafield>
  <datafield tag="100" ind1=" " ind2=" ">
    <subfield code="a">19970101d1592        0itac0103    ba</subfield>
  </datafield>
  <datafield tag="101" ind1=" " ind2=" ">
    <subfield code="a">ITA</subfield>
  </datafield>
  <datafield tag="102" ind1=" " ind2=" ">
    <subfield code="a">IT</subfield>
  </datafield>
  <datafield tag="200" ind1="1" ind2=" ">
    <subfield code="a"></subfield>
  </datafield>
  <datafield tag="210" ind1=" " ind2=" ">
    <subfield code="a">In Pauia</subfield>
    <subfield code="c">appresso Andrea Viani</subfield>
    <subfield code="d">1592</subfield>
  </datafield>
  <datafield tag="215" ind1=" " ind2=" ">
    <subfield code="a">\10!, 72 p.</subfield>
    <subfield code="d">8ʻ</subfield>
  </datafield>
  <datafield tag="620" ind1=" " ind2=" ">
    <subfield code="a">IT</subfield>
    <subfield code="d">Pavia</subfield>
  </datafield>
  <datafield tag="700" ind1=" " ind2="1">
    <subfield code="a">Banchieri,</subfield>
    <subfield code="b">Adriano</subfield>
    <subfield code="3">IT\ICCU\CNCA\001348</subfield>
  </datafield>
  <datafield tag="712" ind1="0" ind2="0">
    <subfield code="a">Viani, Andrea</subfield>
    <subfield code="3">IT\ICCU\CNCT\000019</subfield>
    <subfield code="4">650</subfield>
  </datafield>
  <datafield tag="790" ind1=" " ind2="0">
    <subfield code="a">Attabalippa</subfield>
    <subfield code="c"></subfield>
    <subfield code="3">IT\ICCU\CNCA\007662</subfield>
    <subfield code="z">Banchieri, Adriano</subfield>
  </datafield>
  <datafield tag="790" ind1=" " ind2="1">
    <subfield code="a">Scaligeri Della Fratta,</subfield>
    <subfield code="b">Camillo</subfield>
    <subfield code="3">IT\ICCU\CNCA\015162</subfield>
    <subfield code="z">Banchieri, Adriano</subfield>
  </datafield>
  <datafield tag="791" ind1="0" ind2="0">
    <subfield code="a">Viano, Andrea</subfield>
    <subfield code="3">IT\ICCU\CNCT\005874</subfield>
    <subfield code="z">Viani, Andrea</subfield>
  </datafield>
  <datafield tag="791" ind1="0" ind2="0">
    <subfield code="a">Vianus, Andreas</subfield>
    <subfield code="3">IT\ICCU\CNCT\005875</subfield>
    <subfield code="z">Viani, Andrea</subfield>
  </datafield>
  <datafield tag="801" ind1=" " ind2="3">
    <subfield code="a">IT</subfield>
    <subfield code="b">ICCU</subfield>
    <subfield code="c">20201113</subfield>
  </datafield>
  <datafield tag="899" ind1=" " ind2=" ">
    <subfield code="a">Biblioteca civica A. Mai. Bergamo</subfield>
    <subfield code="1">BG0026</subfield>
    <subfield code="2">LO1 02</subfield>
  </datafield>
  <datafield tag="899" ind1=" " ind2=" ">
    <subfield code="a">Biblioteca dei Servi. Milano</subfield>
    <subfield code="1">MI0365</subfield>
    <subfield code="2">PBE F1</subfield>
  </datafield>
  <datafield tag="911" ind1=" " ind2=" ">
    <subfield code="a">Sul front.</subfield>
    <subfield code="9">IT\ICCU\CNCM\000625</subfield>
  </datafield>
  <datafield tag="921" ind1=" " ind2=" ">
    <subfield code="a">IT\ICCU\CNCM\000625</subfield>
    <subfield code="b">Liocorno corrente.</subfield>
    <subfield code="c">Z816</subfield>
    <subfield code="d">Dimensioni: 2,5 x 1,8</subfield>
    <subfield code="f">LIOCORNO</subfield>
    <subfield code="g">1591-1596</subfield>
  </datafield>
</record>
</collection>
